@online{W3C_ServicioWeb,
	author = {World Wide Web Consortium},
	title = {Guía breve de Servicios Web},
	date = {2015},
	language = {Español},
	url = {http://www.w3c.es/Divulgacion/GuiasBreves/ServiciosWeb},
}

@online{UPV_ServicioWeb,
	author = {Rafael Navarro Marset},
	title = {Modelado, Diseño e Implementación de Servicios Web},
	date = {2006},
	url = {http://users.dsic.upv.es/~rnavarro/NewWeb/docs/RestVsWebServices.pdf},
	language = {Español},
}

@online{VD_ServicioWeb,
	ALTauthor = {uknown},
	title = {REST y SOAP},
	date = {2012},
	url = {http://helbert-ortega.blogspot.com.es/2012/12/rest-y-soap.html},
	month ={December}
}

@book{ApacheCXF,
	author = {Naveen Balani and Rajeev Hathi},
	title = {Apache CXF Web Service Development},
	date = {2009},
	language = {English},
	publisher = {Packt Publishing},
	isbn = {978-1-847195-40-1},
	pagetotal = {336},
}

@book{NodeJS_Server,
	author = {Pedro Teixeira},
	title = {Instant Node.js Starter},
	date = {2013},
	language = {English},
	publisher = {Packt Publishing},
	isbn = {978-1-78216-556-9},
	pagetotal = {48},
}

@online{NodeJS_IBM,
	author = {IBM},
	title = {Que es NODEJS},
	date = {2015},
	url = {http://www.ibm.com/developerworks/ssa/opensource/library/os-nodejs/},
}

@online{WSJS,
	author = {Yaron Naveh},
	title = {Ws.js: A Ws-* implementation for Node.js},
	date = {2012},
	url = {http://www.codeproject.com/Articles/373317/Ws-js-A-Ws-implementation-for-Node-js},
	language = {English},
	month = {Abril},
}

@book{WebAudioAPI,
	author = {Boris Smus},
	title = {Web Audio API},
	date = {2013},
	language = {English},
	publisher = {O'Reilly Media},
	pagetotal = {76},
}

@online{WebAudioAPISpec,
	author = {W3C},
	title = {Web Audio API},
	date = {2015},
	url = {http://webaudio.github.io/web-audio-api/},
	month = {Junio},

}

@online{RecorderJS,
	author = {Matt Diamond},
	title = {RecorderJS},
	date = {2015},
	url = {https://github.com/mattdiamond/Recorderjs},
}

@online{MouseEvents,
	author = {W3C},
	title = {UI Events (formerly DOM Level 3 Events)},
	date = {2015},
	url = {http://www.w3.org/TR/DOM-Level-3-Events/},
	month = {Abril},
}

@online{Socket.io,
	author = {Socket.io},
	title = {Socket.io},
	date = {2015},
	url = {http://socket.io/},
}

@online{CanIUse,
	author = {Alexis Deveria},
	title = {Can I Use Web Audio API?},
	date = {2015},
	url = {http://caniuse.com/#search=web%20audio%20api},
}

@online{CMUSphinx,
	author = {Carnegie Mellon University},
	title = {CMU Sphinx},
	date = {2015},
	url = {http://cmusphinx.sourceforge.net/},
}

@book{JavaWebServices,
	author = {Martin Kalin},
	title = {Java Web Services: Up and Running},
	date = {2013},
	subtitle = {A Quick, Practical, and Thorough Introduction},
	language = {English},
	publisher = {O'Reilly Media},
	isbn = {978-1-4493-6511-0},
	pagetotal = {360},
}

@book{Socket.IOBook,
	author = {Rai, Rohit},
	title = {Socket.IO Real-Time Web Application Development},
	date = {2013},
	language = {English},
	publisher = {Packt Publishing},
	isbn = {978-1-78216-078-6},
}

@online{Worker,
	author = {Eric Bidelman},
	title = {Introducción a los Web Workers},
	date = {2010},
	url = {http://www.html5rocks.com/es/tutorials/workers/basics/},
	month = {Julio},
}

@online{WebWorkerMozilla,
	author = {mvargasmoran and Deiber Chacón and rsalgado},
	title = {Usando web workers},
	date = {2015},
	url = {https://developer.mozilla.org/es/docs/Web/Guide/Performance/Usando_web_workers},
	month = {Marzo},
}

@online{RankingNavegador,
	author = {W3Schools },
	title = {Browser Statistics},
	date = {2015},
	url = {http://www.w3schools.com/browsers/browsers_stats.asp},
}

@book{HMM,
	author = {Salcedo Campos, Francisco Javier },
	title = {Modelos Ocultos de Markov: Del Reconocimiento de Voz a la Música},
	date = {2007},
	editor = {Lulu.com},
	language = {Español},
	isbn = {978-1847536778},
	pagetotal = {272},
}

@online{iAtros,
	author = {The Pattern Recognition and Human Language Technology (PRHLT) research center },
	title = {iAtros},
	date = {2014},
	url = {https://www.prhlt.upv.es/page/projects/multimodal/idoc/iatros},
}

@online{Annyang,
	author = {Tal Ater},
	title = {annyang! SpeechRecognition that just works},
	date = {2014},
	url = {https://www.talater.com/annyang/},
}

@online{iSpeech,
	author = {iSpeech, Inc.},
	title = {iSpeech API},
	date = {2014},
	url = {http://www.ispeech.org/api},
}

@online{att,
	author = {AT\&T},
	title = {the AT\&T Speech API},
	date = {2014},
	url = {http://developer.att.com/apis/speech},
}

@online{Julius,
	author = {Julius development team},
	title = {Open-Source Large Vocabulary CSR Engine Julius},
	date = {2014},
	url = {http://julius.sourceforge.jp/en_index.php},
}

@book{kaldi,
	author = {Povey, Daniel and Ghoshal, Arnab and Boulianne, Gilles and Burget, Lukas and Glembek, Ondrej and Goel, Nagendra and Hannemann, Mirko and Motlicek, Petr and Qian, Yanmin and Schwarz, Petr and Silovsky, Jan and Stemmer, Georg and Vesely, Karel},
	keywords = {ASR, Automatic Speech Recognition, GMM, HTK, SGMM},
	month = dec,
	title = {The Kaldi Speech Recognition Toolkit},
	booktitle = {IEEE 2011 Workshop on Automatic Speech Recognition and Understanding},
	year = {2011},
	publisher = {IEEE Signal Processing Society},
	location = {Hilton Waikoloa Village, Big Island, Hawaii, US},
	note = {IEEE Catalog No.: CFP11SRW-USB},
}

@online{MyCaption,
author = {MyCaption.com, Inc.},
title = {MyCaption},
date = {2014},
url = {http://www.mycaption.com/resources/api},
}

@online{newiwave,
	author = {Nexiwave},
	title = {Nexiwave},
	date = {2014},
	url = {http://nexiwave.com/index.php/135-Nexiwave-callback-api},
}

@online{nuecho,
	author = {Nu Echo Inc.},
	title = {NuGram Hosted Server },
	date = {2014},
	url = {http://www.grammarserver.com/doc/apis},
	subtitle = {The grammar community site},
}

@online{cmuSphinxWeb,
	author = {Carnegie Mellon University},
	title = {CMU Sphinx},
	date = {2014},
	url = {http://cmusphinx.sourceforge.net},
	subtitle = {OPEN SOURCE SPEECH RECOGNITION TOOLKIT},
}

@online{W3CSpeech,
	author = {W3C},
	title = {Web Speech API Specification},
	date = {2014},
	url = {https://dvcs.w3.org/hg/speech-api/raw-file/tip/speechapi.html},
}

@online{WebServiceDefinition,
	author = {W3C},
	title = {Definición de Servicio Web},
	date = {2004},
	url = {http://www.w3.org/TR/ws-gloss/},
	month = {Febrero},
}

@online{UsoFlash,
	author = {Q-Success
	},
	title = {Usage of Flash for websites},
	date = {2015},
	url = {http://w3techs.com/technologies/details/cp-flash/all/all},
}

@online{HTML5,
	author = {W3C},
	title = {Especificación de HTML5},
	date = {2015},
	url = {http://www.w3.org/TR/2014/REC-html5-20141028/},
}

@online{WebWorkerStadisticas,
	author = {caniuse.com},
	title = {Can I use Web Worker?},
	date = {2015},
	url = {http://caniuse.com/#search=web%20worker},
}

@article{AssistedLiving,
	title = "Voice of Assisted Living Nursing ",
	journal = "Geriatric Nursing ",
	volume = "30",
	number = "6",
	pages = "444 - 445",
	year = "2009",
	issn = "0197-4572",
	doi = "http://dx.doi.org/10.1016/j.gerinurse.2009.09.012",
	url = "http://www.sciencedirect.com/science/article/pii/S0197457209004157",
	key = "tagkey2009444"
}

@article{HMMArticle,
	title = "Hidden-articulator Markov models for speech recognition ",
	journal = "Speech Communication ",
	volume = "41",
	number = "2?3",
	pages = "511 - 529",
	year = "2003",
	issn = "0167-6393",
	doi = "http://dx.doi.org/10.1016/S0167-6393(03)00031-1",
	url = "http://www.sciencedirect.com/science/article/pii/S0167639303000311",
	author = "Matthew Richardson and Jeff Bilmes and Chris Diorio",
	keywords = "Speech recognition",
	keywords = "Articulatory models",
	keywords = "Noise robustness",
	keywords = "Factorial \{HMM\} "
}

@online{JSGF,
	author = {W3C},
	title = {JSpeech Grammar Format},
	date = {2015},
	url = {http://www.w3.org/TR/jsgf/},
}

@online{VoxForge,
	author = {VoxForge},
	title = {Acoustic Model in Spanish},
	date = {2015},
	url = {http://sourceforge.net/projects/cmusphinx/files/Acoustic%20and%20Language%20Models/Spanish%20Voxforge/voxforge-es-0.2.tar.gz/download},
}

@online{LenguageModel,
	author = {Carnegie Mellon University},
	title = {Building Language Model},
	date = {2015},
	url = {http://cmusphinx.sourceforge.net/wiki/tutoriallm},
}

@article{CarSpeechRecognition, 
	author={Jungpyo Hong and Seungho Han and Sangbae Jeong and Minsoo Hahn}, 
	journal={Consumer Electronics, IEEE Transactions on}, 
	title={Adaptive microphone array processing for high-performance speech recognition in car environment}, 
	year={2011}, 
	month={February}, 
	volume={57}, 
	number={1}, 
	pages={260-266}, 
	keywords={adaptive signal processing;array signal processing;probability;speech enhancement;speech recognition;SAP;adaptive microphone array processing;beamforming algorithms;car environment;estimated speech absence probability;high-performance speech recognition;linear predictive residual signals;noise reduction;normalized cross correlation;reverberant environment;speech enhancement algorithm;Adaptive filters;Array signal processing;Noise;Noise measurement;Noise reduction;Speech;Speech recognition;Speech enhancement;adaptive learning rate control;beamforming;speech absence probability}, 
	doi={10.1109/TCE.2011.5735511}, 
	ISSN={0098-3063},}

@INPROCEEDINGS{SmartTV, 
	author={Omologo, M.}, 
	booktitle={Signals, Systems and Computers (ASILOMAR), 2010 Conference Record of the Forty Fourth Asilomar Conference on}, 
	title={A prototype of distant-talking interface for control of interactive TV}, 
	year={2010}, 
	month={Nov}, 
	pages={1711-1715}, 
	keywords={interactive television;natural language processing;speech recognition;DICIT EC project;SetTopBox;distant-talking interface;distant-talking voice input;front-end processing component;interactive TV;microphone array;multimodal user-friendly interface;multiple active speakers;natural language understanding;speech recognition;spoken dialogue management components;Acoustics;Arrays;Microphones;Prototypes;Speech;Speech recognition;TV}, 
	doi={10.1109/ACSSC.2010.5757832}, 
	ISSN={1058-6393},}

@INPROCEEDINGS{SpeechDisablePerson, 
	author={Skraba, Andrej and Kolozvari, Andrej and Kofjac, Davorin and Stojanovic, Radovan}, 
	booktitle={Embedded Computing (MECO), 2014 3rd Mediterranean Conference on}, 
	title={Prototype of speech controlled cloud based wheelchair platform for disabled persons}, 
	year={2014}, 
	month={June}, 
	pages={162-165}, 
	keywords={Browsers;Cameras;Graphical user interfaces;Software;Speech;Streaming media;Wheelchairs;Cyber-physical system;ECMA Script;HTML5;JavaScript;devices for rehabilitation;internet of things;speech recognition;wheelchair}, 
	doi={10.1109/MECO.2014.6862683},}

@online{Sphinx4Tutorial,
	author = {Carnegie Mellon University},
	title = {Sphinx-4 Application Programmer's Guide},
	date = {2015},
	url = {http://cmusphinx.sourceforge.net/wiki/tutorialsphinx4},
}

@online{ARPA,
	author = {Carnegie Mellon University},
	title = {ARPA Language models},
	date = {2015},
	url = {http://cmusphinx.sourceforge.net/wiki/sphinx4:standardgrammarformats},
}

@book{bhuvaneswari2011integrating,
	title={Integrating Soa and Web Services},
	author={Bhuvaneswari, N.S. and Sujatha, S.},
	isbn={9788792329653},
	series={River Publishers series in information science and technology},
	url={https://books.google.es/books?id=CePmzl7ysZUC},
	year={2011},
	publisher={River Publishers}
}

@online{UDDI,
	author = {OASIS},
	title = {Universal Description, Discovery and Integration v3.0.2 (UDDI)},
	date = {2015},
	url = {https://www.oasis-open.org/standards#uddiv3.0.2},
}

@online{MTOM,
	author = {IBM},
	title = {¿Qué es SOAP MTOM?},
	date = {2015},
	url = {http://www-01.ibm.com/support/knowledgecenter/SSMKHH_9.0.0/com.ibm.etools.mft.doc/ac56620_.htm?lang=es},
}

@online{WSProblem,
	author = {Savíns Puertas Martín},
	title = {Apache cxf java-first and SOAP module npm},
	date = {2015},
	url = {http://stackoverflow.com/questions/28878070/apache-cxf-java-first-and-soap-module-npm},
}

@online{WebAudioAPIMozilla,
	author = {Manuel Camacho and Pau Ilargia},
	title = {Web Audio API},
	date = {2015},
	url = {https://developer.mozilla.org/es/docs/Web_Audio_API},
}

@online{ENIAQUEES,
	author = {Grupo de Investigación TIC-211.},
	title = {TDTrader: A methodology for the interoperability of DTT-Web services based on MHP-COTS software components, repositories and trading models.},
	date = {2015},
	url = {http://nevada.ual.es:81/tic-211/tdtrader/index.php?lang=en},
	organization = {Junta de Andalucía},
}

@online{InterfazMashup,
	author = {Zoltán Harsanyi, Martin Repta and Viera Rozinajová},
	title = {Innovative Mashup Development: Utilizing Visual Information About Application Programming Interfaces},
	date = {2015},
	url = {http://ceur-ws.org/Vol-789/paper8.pdf},
	language = {English},
	organization = {Slovak University of Technology},
}

@book{Hanson:2009:MSM:1541929,
	author = {Hanson, J. Jeffrey},
	title = {Mashups: Strategies for the Modern Enterprise},
	year = {2009},
	isbn = {032159181X, 9780321591814},
	edition = {1st},
	publisher = {Addison-Wesley Professional},
} 

@online{Decibelio,
	author = {es.Wikipedia.org},
	title = {Decibelio},
	date = {2015},
	url = {https://es.wikipedia.org/wiki/Decibelio},
}

@online{sonometro,
	author = {Smart Tools co.},
	title = {Sonómetro},
	date = {2015},
	url = {https://play.google.com/store/apps/details?id=kr.sira.sound&hl=eshttps://play.google.com/store/apps/details?id=kr.sira.sound&hl=es},
	subtitle = {Sound Meter},
}

@online{VozJaen,
	author = {ISABEL M. AYALA HERRERA},
	title = {Tema 7: Clasificación de las voces. Características de la voz infantil y adolescente.},
	date = {2015},
	url = {http://www4.ujaen.es/~imayala/_private/formacionvocal/TEMA%207.pdf},
}

@online{VozSexo,
	author = {Coro La Salle de Seglares},
	title = {Clasificación de las Voces Humanas en el Canto
	
	Leer más: http://corolasalledeseglares.webnode.mx/products/clasificacion-de-las-voces-humanas-en-el-canto/
	Crea tu propia web gratis: http://www.webnode.es},
	date = {2015},
	url = {http://corolasalledeseglares.webnode.mx/products/clasificacion-de-las-voces-humanas-en-el-canto/},
}

@online{fonador,
	author = {es.Wikipedia.org},
	title = {Señal de voz},
	date = {2015},
	url = {https://es.wikipedia.org/wiki/Se%C3%B1al_de_voz#/media/File:Fig21.jpg},
	subtitle = {Descripción del aparato fonador humano},
}

@online{GMAIL,
	author = {es.Wikipedia.org},
	title = {Gmail},
	date = {2015},
	url = {https://es.wikipedia.org/wiki/Gmail},
}

@online{DROPBOX,
	author = {es.Wikipedia.org},
	title = {Dropbox},
	date = {2015},
	url = {https://es.wikipedia.org/wiki/Dropbox},
}

@online{BRACKETS,
	author = {es.Wikipedia.org},
	title = {Brackets (text editor)},
	date = {2015},
	url = {https://en.wikipedia.org/wiki/Brackets_(text_editor)},
}

@online{CYGWIN,
	author = {es.Wikipedia.org},
	title = {Cygwin},
	date = {2015},
	url = {https://es.wikipedia.org/wiki/Cygwin},
}

@manual{COCOMO,
	author = {University of Southern California},
	title = {COCOMO II Model Definition Manual},
	date = {2015},
	language = {English},
	version = {1.4},
}

@online{ECLIPSE,
	author = {es.Wikipedia.org},
	title = {Eclipse (software)},
	date = {2015},
	url = {https://es.wikipedia.org/wiki/Eclipse_(software)},
}

@online{GIMP,
	author = {es.Wikipedia.org},
	title = {GIMP},
	date = {2015},
	url = {https://es.wikipedia.org/wiki/GIMP},
}

@online{MAVEN,
	author = {es.Wikipedia.org},
	title = {Maven},
	date = {2015},
	url = {https://es.wikipedia.org/wiki/Maven},
}

@online{WILDFLY,
	author = {en.Wikipedia.org},
	title = {WildFly},
	date = {2015},
	url = {https://en.wikipedia.org/wiki/WildFly},
}

@online{SOAPUI,
	author = {en.Wikipedia.org},
	title = {SoapUI},
	date = {2015},
	url = {https://en.wikipedia.org/wiki/SoapUI},
}

@online{XAMPP,
	author = {es.Wikipedia.org},
	title = {XAMPP},
	date = {2015},
	url = {https://es.wikipedia.org/wiki/XAMPP},
}

@online{VISIO,
	author = {es.Wikipedia.org},
	title = {Microsoft Visio},
	date = {2015},
	url = {https://es.wikipedia.org/wiki/Microsoft_Visio},
}

@online{TEXSTUDIO,
	author = {es.Wikipedia.org},
	title = {TeXstudio},
	date = {2015},
	url = {https://es.wikipedia.org/wiki/TeXstudio},
}

@online{VISUALPARADIGM,
	author = {en.Wikipedia.org},
	title = {Visual Paradigm for UML},
	date = {2015},
	url = {https://en.wikipedia.org/wiki/Visual_Paradigm_for_UML},
}

@online{serviciowebcompleto,
	author = {Dept. Ciencia de la Computación e IA},
	title = {Introducción a los Servicios Web. Invocación de servicios web SOAP.},
	date = {2014},
	url = {http://www.jtech.ua.es/j2ee/publico/servc-web-2012-13/sesion01-apuntes.html#%C2%BFQu%C3%A9+es+un+Servicio+Web%3F},
	organization = {Universidad de Alicante},
}

@online{ImagenMTOM,
	author = {http://www.crosschecknet.com/},
	title = {MTOM OVERVIEW},
	date = {2015},
	url = {http://www.crosschecknet.com/images/intro_to_mtom/MTOM-Process.jpg},
}
